<?xml version="1.0" encoding="UTF-8"?><record xmlns="http://www.loc.gov/MARC21/slim" xmlns:cinclude="http://apache.org/cocoon/include/1.0" xmlns:zs="http://www.loc.gov/zing/srw/">
  <leader>00486nz  a2200157n  4500</leader>
  <controlfield tag="001">n 2016044825</controlfield>
  <controlfield tag="003">DLC</controlfield>
  <controlfield tag="005">20160817165107.0</controlfield>
  <controlfield tag="008">160817n| azannaabn          |b aaa      </controlfield>
  <datafield tag="010" ind1=" " ind2=" ">
    <subfield code="a">n 2016044825</subfield>
    <subfield code="z">n  89129645 </subfield>
  </datafield>
  <datafield tag="040" ind1=" " ind2=" ">
    <subfield code="a">DLC</subfield>
    <subfield code="b">eng</subfield>
    <subfield code="e">rda</subfield>
    <subfield code="c">DLC</subfield>
  </datafield>
  <datafield tag="100" ind1="1" ind2=" ">
    <subfield code="a">Kwŏn, Yong-gyŏng</subfield>
  </datafield>
  <datafield tag="400" ind1="1" ind2=" ">
    <subfield code="a">권 영경</subfield>
  </datafield>
  <datafield tag="400" ind1="1" ind2=" ">
    <subfield code="a">권영경</subfield>
  </datafield>
  <datafield tag="667" ind1=" " ind2=" ">
    <subfield code="a">Non-Latin script references not evaluated.</subfield>
  </datafield>
  <datafield tag="670" ind1=" " ind2=" ">
    <subfield code="a">Pukhan ihae, 2000:</subfield>
    <subfield code="b">colophon (권 영경, Kwŏn Yŏng-gyŏng; Prof., Tʻongil Kyoyugwŏn)</subfield>
  </datafield>
</record>